@book{larsson2008partial,
    author = "Larsson, Stig and Thom{\'e}e, Vidar",
    title = "Partial differential equations with numerical methods",
    volume = "45",
    year = "2008",
    publisher = "Springer Science \& Business Media",
    URL = {https://doi.org/10.1007/978-3-540-88706-5},
}

@book{johnson2012numerical,
    author = "Johnson, Claes",
    title = "Numerical solution of partial differential equations by the finite element method",
    year = "2012",
    publisher = "Courier Corporation"
}

@article{demkowicz2002fully,
  title={A fully automatic $hp$-adaptivity},
  author={Demkowicz, Leszek and Rachowicz, Waldemar and Devloo, Ph},
  journal={Journal of Scientific Computing},
  volume={17},
  number={1},
  pages={117--142},
  year={2002},
  publisher={Springer},
  doi={10.1023/A:1015192312705},
  URL={https://doi.org/10.1023/A:1015192312705},
}

@book{demkowicz2007computing,
    author = "Demkowicz, Leszek",
    publisher = "Chapman \& Hall/CRC, Boca Raton, FL",
    title = "Computing with {$hp$}-adaptive finite elements. {V}ol. 1. {O}ne and two dimensional elliptic and {M}axwell problems",
    year = "2007",
    isbn = "978-1-58488-671-6; 1-58488-671-4",
    series = "Applied Mathematics and Nonlinear Science Series",
    doi = "10.1201/9781420011692",
    file = ":Demkowicz2007a.pdf:PDF",
    keywords = "Finite Element Method; Adaptive FEM",
    mrclass = "65-02 (65N30)",
    mrnumber = "2267112 (2007k:65003)",
    mrreviewer = "Tsu-Fen Chen",
    pages = "xxvi+398",
    url = "http://dx.doi.org/10.1201/9781420011692"
}

@book{demkowicz2008computing,
    author = "Demkowicz, Leszek and Kurtz, Jason and Pardo, David and Paszy{\'n}ski, Maciej and Rachowicz, Waldemar and Zdunek, Adam",
    isbn = "978-1-58488-672-3; 1-58488-672-2",
    keywords = "Adaptive FEM; Finite Element Method; $hp$-refinement",
    mrclass = "65N30 (65-02 74S05 76M10 76Q05)",
    mrnumber = "2406401 (2009e:65172)",
    mrreviewer = "Dietrich Braess",
    pages = "xvi+417",
    publisher = "Chapman \& Hall/CRC, Boca Raton, FL",
    series = "Applied Mathematics and Nonlinear Science Series",
    title = "Computing with {$hp$}-adaptive finite elements. {V}ol. 2. {F}rontiers: three dimensional elliptic and {M}axwell problems with applications",
    year = "2008",
    URL={https://doi.org/10.1201/9781420011692},
}

@article{oden1995parallel,
  title={A parallel adaptive strategy for $hp$ finite element computations},
  author={Oden, John Tinsley and Patra, Abani},
  journal={Computer methods in applied mechanics and engineering},
  volume={121},
  number={1-4},
  pages={449--470},
  year={1995},
  publisher={Elsevier},
  doi = {https://doi.org/10.1016/0045-7825(94)00705-R},
  url = {https://www.sciencedirect.com/science/article/pii/004578259400705R},
}

@article{babuska1981p,
    author = "Babu{\v{s}}ka, Ivo and Szabo, Barna A and Katz, I Norman",
    title = "The p-version of the finite element method",
    journal = "SIAM Journal on Numerical Analysis",
    volume = "18",
    number = "3",
    pages = "515--545",
    year = "1981",
    publisher = "SIAM",
    doi = {10.1137/0718033},
    URL = { https://doi.org/10.1137/0718033 },
}

@article{babuvska1981error,
    author = "Babu{\v{s}}ka, Ivo and Dorr, Milo R",
    title = "Error estimates for the combined h and p versions of the finite element method",
    journal = "Numerische Mathematik",
    volume = "37",
    number = "2",
    pages = "257--277",
    year = "1981",
    publisher = "Springer",
    doi = {10.1007/BF01398256},
    URL = { https://doi.org/10.1007/BF01398256 },
}

@article{paszynski2005verification,
  title={Verification of goal-oriented $hp$-adaptivity},
  author={Paszy{\'n}ski, M and Demkowicz, L and Pardo, D},
  journal={Computers \& Mathematics with Applications},
  volume={50},
  number={8-9},
  pages={1395--1404},
  year={2005},
  publisher={Elsevier},
  doi = {https://doi.org/10.1016/j.camwa.2005.03.018},
  url = {https://www.sciencedirect.com/science/article/pii/S0898122105003895},
}

@article{garcia2007two,
  title={A two-dimensional self-adaptive $hp$ finite element method for the characterization of waveguide discontinuities. Part I: Energy-norm based automatic $hp$-adaptivity},
  author={Garcia-Castillo, Luis E and Pardo, David and Gomez-Revuelto, Ignacio and Demkowicz, Leszek F},
  journal={Computer methods in applied mechanics and engineering},
  volume={196},
  number={49-52},
  pages={4823--4852},
  year={2007},
  publisher={Elsevier},
  doi = {https://doi.org/10.1016/j.cma.2007.06.024},
  url = {https://www.sciencedirect.com/science/article/pii/S0045782507002939},
}

@article{pardo2007two,
  title={A two-dimensional self-adaptive $hp$ finite element method for the characterization of waveguide discontinuities. Part II: Goal-oriented $hp$-adaptivity},
  author={Pardo, David and Garc{\'\i}a-Castillo, Luis E and Demkowicz, Leszek F and Torres-Verd{\'\i}n, Carlos},
  journal={Computer methods in applied mechanics and engineering},
  volume={196},
  number={49-52},
  pages={4811--4822},
  year={2007},
  publisher={Elsevier},
  doi = {https://doi.org/10.1016/j.cma.2007.06.023},
  url = {https://www.sciencedirect.com/science/article/pii/S0045782507002940},
}

@article{pardo2008pml,
  title={PML Enhanced with a Self-Adaptive Goal-Oriented $hp$-Finite Element Method: Simulation of Through-Casing Borehole Resistivity Measurements},
  author={Pardo, David and Demkowicz, L and Torres-Verd{\'\i}n, Carlos and Michler, Christian},
  journal={SIAM Journal on Scientific Computing},
  volume={30},
  number={6},
  pages={2948--2964},
  year={2008},
  publisher={SIAM},
  doi = {10.1137/070689796},
  URL = {https://doi.org/10.1137/070689796},
}

@article{gomez2012three,
  title={A three-dimensional self-adaptive $hp$ finite element method for the characterization of waveguide discontinuities},
  author={Gomez-Revuelto, Ignacio and Garcia-Castillo, Luis E and Llorente-Romano, Sergio and Pardo, David},
  journal={Computer methods in applied mechanics and engineering},
  volume={249},
  pages={62--74},
  year={2012},
  publisher={Elsevier},
  doi = {https://doi.org/10.1016/j.cma.2012.05.013},
  url = {https://www.sciencedirect.com/science/article/pii/S0045782512001624},
}

@article{paszynski2012parallel,
  title={Parallel simulations of 3{D} {DC} borehole resistivity measurements with goal-oriented self-adaptive $hp$ finite element method},
  author={Paszy{\'n}ski, M and Pardo, D and Calo, Victor},
  journal={Journal of the Serbian Society for Computational Mechanics/Vol},
  volume={6},
  number={2},
  pages={1--18},
  year={2012}
}

@article{ainsworth1998adaptive,
  title={An adaptive refinement strategy for $hp$-finite element computations},
  author={Ainsworth, Mark and Senior, Bill},
  journal={Applied Numerical Mathematics},
  volume={26},
  number={1-2},
  pages={165--178},
  year={1998},
  publisher={Elsevier},
  doi = {https://doi.org/10.1016/S0168-9274(97)00083-4},
  url = {https://www.sciencedirect.com/science/article/pii/S0168927497000834},
}

@article{binev2013instance,
    author = "Binev, P",
    doi = "10.4171/OWR/2013/39",
    journal = "Oberwolfach Reports",
    pages = "14--16",
    title = "Instance optimality for $hp$-type approximation",
    url = "https://doi.org/10.4171/OWR/2013/39",
    volume = "39",
    year = "2013"
}

@article{canuto2017convergence,
    author = "Canuto, Claudio and Nochetto, Ricardo H. and Stevenson, Rob and Verani, Marco",
    fjournal = "Numerische Mathematik",
    issn = "0029-599X",
    journal = "Numer. Math.",
    keywords = "Adaptive finite-element methods; Adaptive FEM",
    mrclass = "65N30 (65N12 65N50)",
    mrnumber = "3621826",
    mrreviewer = "Tom\'a\v s Ligursk\'y",
    number = "4",
    pages = "1073--1119",
    title = "Convergence and optimality of $hp$-{AFEM}",
    url = "https://doi.org/10.1007/s00211-016-0826-x",
    volume = "135",
    year = "2017"
}

@article{babuvvska1978error,
    author = "Babuv{\v{s}}ka, I and Rheinboldt, Werner C",
    title = "Error estimates for adaptive finite element computations",
    journal = "SIAM Journal on Numerical Analysis",
    volume = "15",
    number = "4",
    pages = "736--754",
    year = "1978",
    publisher = "SIAM",
    doi = {10.1137/0715049},
    URL = {https://doi.org/10.1137/0715049},
}

@article{guo1986hp,
    author = "Guo, B. and Babu{\v{s}}ka, I.",
    title = "The $h$-$p$ version of the finite element method",
    journal = "Computational Mechanics",
    year = "1986",
    volume = "1",
    number = "1",
    pages = "21--41",
    month = "Mar",
    issn = "1432-0924",
    abstract = "The paper is the first of the series of two which analyses the h-p version of the finite element method in two dimensions. It proves the basic approximation results which in part 2 will be generalized and applied in a computational setting. The main result is that the h-p version leads to an exponential rate of convergence when solving problems with piecewise analytic data.",
    day = "01",
    doi = "10.1007/BF00298636",
    file = ":GuiBabuska1986a.pdf:PDF",
    url = "https://doi.org/10.1007/BF00298636"
}

@article{babuvska1979adaptive,
    author = "Babu{\v{s}}ka, I and Rheinboldt, WC",
    abstract = "An overview of the authors' recent theoretical and experimental results on reliable and computationally efficient a posteriori error estimates for finite element solutions. Error indicators are evaluated on the individual elements, and from these, an estimate of the error in the energy norm is composed. This theory of a posteriori estimates has been developed only for linear problems. Here, the results can be extended to the nonlinear case without losing their effectivity. The error indicators also allow for a very effective approach to an adaptive design of finite element meshes that are (nearly) optimal in a certain sense. Finally, we outline the design of an experimental finite element system now under development which incorporates many of these ideas and results. Its principal goal is to produce (near) optimal finite element solutions within a prescribed cost range.",
    doi = "http://dx.doi.org/10.1016/0045-7825(79)90042-2",
    issn = "0045-7825",
    journal = "Computer Methods in Applied Mechanics and Engineering",
    pages = "519 - 540",
    title = "Adaptive approaches and reliability estimations in finite element analysis",
    url = "http://www.sciencedirect.com/science/article/pii/0045782579900422",
    volume = "17",
    year = "1979"
}

@article{mitchell2014comparison,
    author = "Mitchell, William F. and McClain, Marjorie A.",
    acmid = "2629459",
    address = "New York, NY, USA",
    articleno = "2",
    doi = "10.1145/2629459",
    issn = "0098-3500",
    issue_date = "October 2014",
    journal = "ACM Trans. Math. Softw.",
    keywords = "Adaptive mesh refinement, $hp$-{FEM}, $hp$-adaptive strategy",
    month = "October",
    number = "1",
    numpages = "39",
    pages = "2:1--2:39",
    publisher = "ACM",
    title = "A Comparison of $hp$-Adaptive Strategies for Elliptic Partial Differential Equations",
    url = "http://doi.acm.org/10.1145/2629459",
    volume = "41",
    year = "2014"
}

@article{darrigrand2020painless,
    author = "Darrigrand, Vincent and Pardo, David and Chaumont-Frelet, Th{\'e}ophile and G{\'o}mez-Revuelto, Ignacio and Garcia-Castillo, Luis Emilio",
    title = "A painless automatic $hp$-adaptive strategy for elliptic problems",
    journal = "Finite Elements in Analysis and Design",
    volume = "178",
    pages = "103424",
    year = "2020",
    doi = "https://doi.org/10.1016/j.finel.2020.103424",
    url = {https://www.sciencedirect.com/science/article/pii/S0168874X20301049},
    publisher = "Elsevier"
}

@article{zander2015multi,
    author = "Zander, Nils and Bog, Tino and Kollmannsberger, Stefan and Schillinger, Dominik and Rank, Ernst",
    abstract = "The implementation of {\$}{\$}hp{\$}{\$} $hp$ -adaptivity is challenging as hanging nodes, edges, and faces have to be constrained to ensure compatibility of the shape functions. For this reason, most {\$}{\$}hp{\$}{\$} h p-code frameworks restrict themselves to {\$}{\$}1{\$}{\$} 1 -irregular meshes to ease the implementational effort. This work alleviates these difficulties by introducing a new formulation for high-order mesh adaptivity that provides full local {\$}{\$}hp{\$}{\$} hp -refinement capabilities at a comparably small implementational effort. Its main idea is the extension of the {\$}{\$}hp{\$}{\$} hp - {\$}{\$}d{\$}{\$} d -method such that it allows for high-order overlay meshes yielding a hierarchical, multi-level {\$}{\$}hp{\$}{\$} hp -formulation of the Finite Element Method. This concept enables intuitive refinement and coarsening procedures, while linear independence and compatibility of the shape functions are guaranteed by construction. The proposed method is demonstrated to achieve exponential convergence rates-- both in terms of degrees of freedom and in run-time-- for problems with non-smooth solutions. Furthermore, the scheme is used alongside the Finite Cell Method to simulate the heat flow around moving objects on a non-conforming background mesh and is combined with an energy-based refinement indicator for automatic {\$}{\$}hp{\$}{\$} hp -adaptivity.",
    day = "01",
    doi = "10.1007/s00466-014-1118-x",
    issn = "1432-0924",
    journal = "Computational Mechanics",
    month = "Mar",
    number = "3",
    pages = "499--517",
    title = "Multi-level $hp$-adaptivity: high-order mesh adaptivity without the difficulties of constraining hanging nodes",
    url = "https://doi.org/10.1007/s00466-014-1118-x",
    volume = "55",
    year = "2015"
}

@article{zander2016multi,
    author = "Zander, Nils and Bog, Tino and Elhaddad, Mohamed and Frischmann, Felix and Kollmannsberger, Stefan and Rank, Ernst",
    doi = "https://doi.org/10.1016/j.cma.2016.07.007",
    issn = "0045-7825",
    journal = "Computer Methods in Applied Mechanics and Engineering",
    keywords = "High-order {FEM}, 3{D}-refinement, Arbitrary hanging nodes, Arbitrary irregular meshes, Dynamically changing meshes",
    pages = "252 - 277",
    title = "The multi-level $hp$-method for three-dimensional problems: Dynamically changing high-order mesh refinement with arbitrary hanging nodes",
    url = "http://www.sciencedirect.com/science/article/pii/S0045782516307289",
    volume = "310",
    year = "2016"
}

@phdthesis {zander2017multi,
	author = "Zander, Nils Dietrich",
	title = "Multi-level $hp$-{FEM}: dynamically changing high-order mesh refinement with arbitrary hanging nodes",
	type = "Dissertation",
	school = "Technische Universität München",
	address = "München",
	year = 2017,
	keywords = "hp-finite elements, superposition based refinement, dynamic mesh refinement, error estimator guided adaptivity, Finite Cell Method, cohesive delamination, convection dominated transport problems, contact mechanics"
}

@article{SolinandDemkowicz2004,
    author = "{\v{S}}ol{\'{\i}}n, P. and Demkowicz, L.",
    coden = "CMMECC",
    doi = "10.1016/j.cma.2003.09.015",
    fjournal = "Computer Methods in Applied Mechanics and Engineering",
    issn = "0045-7825",
    journal = "Comput. Methods Appl. Mech. Engrg.",
    keywords = "Goal-Oriented; Adaptive FEM; Finite Element Method",
    mrclass = "65N50",
    mrnumber = "2033961 (2004k:65247)",
    mrreviewer = "Nicolae Pop",
    number = "6-8",
    pages = "449--468",
    title = "Goal-oriented {$hp$}-adaptivity for elliptic problems",
    url = "http://dx.doi.org/10.1016/j.cma.2003.09.015",
    volume = "193",
    year = "2004"
}

@phdthesis{pardo2004integration,
    author = "Pardo, David",
    keywords = "Finite Element Method; Adaptive FEM",
    school = "The University of Texas at Austin",
    title = "Integration of $hp$-adaptivity with a two grid solver: applications to electromagnetics",
    url = "https://www.lib.utexas.edu/etd/d/2004/pardod042/pardod042.pdf",
    year = "2004"
}

@article{pardo2006two,
    author = "Pardo, D. and Demkowicz, L. and Torres-Verd{\'{\i}}n, C. and Paszynski, M.",
    coden = "SMJMAP",
    doi = "10.1137/050631732",
    fjournal = "SIAM Journal on Applied Mathematics",
    issn = "0036-1399",
    journal = "SIAM J. Appl. Math.",
    keywords = "Adaptive FEM; Finite Element Method; Goal-Oriented",
    mrclass = "78A55 (65N30 78M10 86A25)",
    mrnumber = "2262965 (2007j:78022)",
    number = "6",
    pages = "2085--2106",
    title = "Two-dimensional high-accuracy simulation of resistivity logging-while-drilling ({LWD}) measurements using a self-adaptive goal-oriented {$hp$} finite element method",
    url = "http://dx.doi.org/10.1137/050631732",
    volume = "66",
    year = "2006"
}

@book{becker1996weighted,
    author = "Becker, Roland and Rannacher, Rolf",
    booktitle = "ENUMATH-95",
    publisher = "IWR",
    keywords = "Goal-Oriented; Error estimations; Finite Element Method",
    title = "Weighted a posteriori error control in {FE} methods",
    year = "1996"
}

@article{rannacher1998posteriori,
    author = "Rannacher, R. and Suttmeier, F.-T.",
    coden = "CMMEEE",
    doi = "10.1007/s004660050288",
    fjournal = "Computational Mechanics. Solids, Fluids, Engineered Materials, Aging Infrastructure, Molecular Dynamics, Heat Transfer, Manufacturing Processes, Optimization, Fracture \& Integrity",
    issn = "0178-7675",
    journal = "Comput. Mech.",
    keywords = "Adaptive FEM, Finite Element Method, Error estimations; Goal-Oriented",
    mrclass = "73V05 (65N30 73E99)",
    mrnumber = "1616067 (99a:73127)",
    number = "2",
    pages = "123--133",
    title = "A posteriori error control in finite element methods via duality techniques: application to perfect plasticity",
    url = "http://dx.doi.org/10.1007/s004660050288",
    volume = "21",
    year = "1998"
}

@article{paraschivoiu1997posteriori,
    author = "Paraschivoiu, Marius and Peraire, Jaime and Patera, Anthony T.",
    coden = "CMMECC",
    doi = "10.1016/S0045-7825(97)00086-8",
    fjournal = "Computer Methods in Applied Mechanics and Engineering",
    issn = "0045-7825",
    journal = "Comput. Methods Appl. Mech. Engrg.",
    keywords = "Error estimations",
    mrclass = "65N30 (76M10)",
    mrnumber = "1487947 (99a:65156)",
    mrreviewer = "Jacques Rappaz",
    note = "Symposium on Advances in Computational Mechanics, Vol. 2 (Austin, TX, 1997)",
    number = "1-4",
    pages = "289--312",
    title = "A posteriori finite element bounds for linear-functional outputs of elliptic partial differential equations",
    url = "http://dx.doi.org/10.1016/S0045-7825(97)00086-8",
    volume = "150",
    year = "1997"
}

@article{paraschivoiu1998hierarchical,
    author = "Paraschivoiu, Marius and Patera, Anthony T.",
    coden = "CMMECC",
    doi = "10.1016/S0045-7825(99)00270-4",
    fjournal = "Computer Methods in Applied Mechanics and Engineering",
    issn = "0045-7825",
    journal = "Comput. Methods Appl. Mech. Engrg.",
    keywords = "Error estimations; Goal-Oriented",
    mrclass = "65N30 (76M10)",
    mrnumber = "1630997 (99c:65211)",
    number = "3-4",
    pages = "389--407",
    title = "A hierarchical duality approach to bounds for the outputs of partial differential equations",
    url = "http://dx.doi.org/10.1016/S0045-7825(99)00270-4",
    volume = "158",
    year = "1998"
}

@incollection{peraire1998bounds,
    author = "Peraire, J. and Patera, A. T.",
    booktitle = "Advances in adaptive computational methods in mechanics ({C}achan, 1997)",
    doi = "10.1016/S0922-5382(98)80011-1",
    keywords = "Goal-Oriented; Error estimations",
    mrclass = "65N30",
    mrnumber = "1643048 (99j:65211)",
    mrreviewer = "Ricardo G. Dur{\'a}n",
    pages = "199--216",
    publisher = "Elsevier Sci. B. V., Amsterdam",
    series = "Stud. Appl. Mech.",
    title = "Bounds for linear-functional outputs of coercive partial differential equations: local indicators and adaptive refinement",
    url = "http://dx.doi.org/10.1016/S0922-5382(98)80011-1",
    volume = "47",
    year = "1998"
}

@article{maday1999general,
    author = "Maday, Yvon and Patera, Anthony T. and Peraire, Jaume",
    coden = "CASMEI",
    doi = "10.1016/S0764-4442(99)80279-1",
    fjournal = "Comptes Rendus de l'Acad\'emie des Sciences. S\'erie I. Math\'ematique",
    issn = "0764-4442",
    journal = "C. R. Acad. Sci. Paris S\'er. I Math.",
    keywords = "Error estimations, Goal-oriented",
    mrclass = "65N30",
    mrnumber = "1694133 (2000a:65149)",
    number = "9",
    pages = "823--828",
    title = "A general formulation for a posteriori bounds for output functionals of partial differential equations; application to the eigenvalue problem",
    url = "http://dx.doi.org/10.1016/S0764-4442(99)80279-1",
    volume = "328",
    year = "1999"
}

@article{peraire1999asymptotic,
    author = "Peraire, Jaume and Patera, Anthony T.",
    coden = "CMMECC",
    doi = "10.1016/S0045-7825(98)00244-8",
    fjournal = "Computer Methods in Applied Mechanics and Engineering",
    issn = "0045-7825",
    journal = "Comput. Methods Appl. Mech. Engrg.",
    keywords = "Error estimations; Helmholtz equation, Goal-oriented",
    mrclass = "65N30",
    mrnumber = "1684867 (99m:65218)",
    number = "1-2",
    pages = "77--86",
    title = "Asymptotic a posteriori finite element bounds for the outputs of noncoercive problems: the {H}elmholtz and {B}urgers equations",
    url = "http://dx.doi.org/10.1016/S0045-7825(98)00244-8",
    volume = "171",
    year = "1999"
}

@article{sarrate1999posteriori,
    author = "Sarrate, J. and Peraire, J. and Patera, A.",
    coden = "IJNFDW",
    doi = "10.1002/(SICI)1097-0363(19990915)31:1<17::AID-FLD953>3.0.CO;2-X",
    fjournal = "International Journal for Numerical Methods in Fluids",
    issn = "0271-2091",
    journal = "Internat. J. Numer. Methods Fluids",
    keywords = "Goal-oriented, Helmholtz equation,",
    mrclass = "65M60 (65M15 76M10 76Q05)",
    mrnumber = "1714509 (2000f:65109)",
    note = "Tenth International Conference on Finite Elements in Fluids (Tucson, AZ, 1998)",
    number = "1",
    pages = "17--36",
    title = "A posteriori finite element error bounds for non-linear outputs of the {H}elmholtz equation",
    url = "http://dx.doi.org/10.1002/(SICI)1097-0363(19990915)31:1<17::AID-FLD953>3.0.CO;2-X",
    volume = "31",
    year = "1999"
}

@article{prudhomme1999goal,
    author = "Prudhomme, S. and Oden, J. T.",
    coden = "CMMECC",
    doi = "10.1016/S0045-7825(98)00343-0",
    fjournal = "Computer Methods in Applied Mechanics and Engineering",
    issn = "0045-7825",
    journal = "Comput. Methods Appl. Mech. Engrg.",
    keywords = "Goal-Oriented, Finite Element Method, Adaptive FEM",
    mrclass = "65N30 (74S05)",
    mrnumber = "1665351 (2000e:65110)",
    number = "1-4",
    pages = "313--331",
    title = "On goal-oriented error estimation for elliptic problems: application to the control of pointwise errors",
    url = "http://dx.doi.org/10.1016/S0045-7825(98)00343-0",
    volume = "176",
    year = "1999"
}

@article{oden2001goal,
    author = "Oden, J. T. and Prudhomme, S.",
    coden = "CMAPDK",
    doi = "10.1016/S0898-1221(00)00317-5",
    fjournal = "Computers \& Mathematics with Applications. An International Journal",
    issn = "0898-1221",
    journal = "Comput. Math. Appl.",
    keywords = "Finite Element Method, Goal-Oriented, Adaptive FEM",
    mrclass = "65N30 (65N15)",
    mrnumber = "1822600 (2001m:65171)",
    number = "5-6",
    pages = "735--756",
    title = "Goal-oriented error estimation and adaptivity for the finite element method",
    url = "http://dx.doi.org/10.1016/S0898-1221(00)00317-5",
    volume = "41",
    year = "2001"
}

@article{dorfler1996convergent,
    author = {D{\"o}rfler, Willy},
    title = "A convergent adaptive algorithm for {P}oisson’s equation",
    journal = "SIAM Journal on Numerical Analysis",
    volume = "33",
    number = "3",
    pages = "1106--1124",
    year = "1996",
    publisher = "SIAM",
    doi = {10.1137/0733054},
    URL = {https://doi.org/10.1137/0733054},
}

@article{morin2000data,
    author = "Morin, Pedro and Nochetto, Ricardo H and Siebert, Kunibert G",
    title = "Data oscillation and convergence of adaptive {FEM}",
    journal = "SIAM Journal on Numerical Analysis",
    volume = "38",
    number = "2",
    pages = "466--488",
    year = "2000",
    publisher = "SIAM",
    doi = {10.1137/S0036142999360044},
    URL = {https://doi.org/10.1137/S0036142999360044},
}

@article{binev2004adaptive,
    author = "Binev, Peter and Dahmen, Wolfgang and DeVore, Ron",
    title = "Adaptive finite element methods with convergence rates",
    journal = "Numerische Mathematik",
    volume = "97",
    number = "2",
    pages = "219--268",
    year = "2004",
    publisher = "Springer",
    doi = {10.1007/s00211-003-0492-7},
    URL = {https://doi.org/10.1007/s00211-003-0492-7},
}

@article{stevenson2007optimality,
    author = "Stevenson, Rob",
    title = "Optimality of a standard adaptive finite element method",
    journal = "Foundations of Computational Mathematics",
    volume = "7",
    number = "2",
    pages = "245--269",
    year = "2007",
    publisher = "Springer",
    doi = {10.1007/s10208-005-0183-0},
    URL = {https://doi.org/10.1007/s10208-005-0183-0},
}

@article{cascon2008quasi,
    author = "Cascon, J Manuel and Kreuzer, Christian and Nochetto, Ricardo H and Siebert, Kunibert G",
    title = "Quasi-optimal convergence rate for an adaptive finite element method",
    journal = "SIAM Journal on Numerical Analysis",
    volume = "46",
    number = "5",
    pages = "2524--2550",
    year = "2008",
    publisher = "SIAM",
    doi = {10.1137/07069047X},
    URL = {https://doi.org/10.1137/07069047X},
}

@article{pardo2006goal,
    author = "Pardo, D. and Demkowicz, L. and Torres-Verd{\'{\i}}n, C. and Tabarovsky, L.",
    coden = "IJNMBH",
    doi = "10.1002/nme.1488",
    fjournal = "International Journal for Numerical Methods in Engineering",
    issn = "0029-5981",
    journal = "Internat. J. Numer. Methods Engrg.",
    keywords = "Finite Element Method, Goal-Oriented, Adaptive FEM",
    mrclass = "78M10 (78A30 86A20)",
    mrnumber = "2199543 (2006i:78046)",
    number = "8",
    pages = "1269--1309",
    title = "A goal-oriented {$hp$}-adaptive finite element method with electromagnetic applications. {I}. {E}lectrostatics",
    url = "http://dx.doi.org/10.1002/nme.1488",
    volume = "65",
    year = "2006"
}

@article{pardo2007self,
    author = "Pardo, D. and Demkowicz, L. and Torres-Verd{\'{\i}}n, C. and Paszynski, M.",
    coden = "CMMECC",
    doi = "10.1016/j.cma.2006.10.016",
    fjournal = "Computer Methods in Applied Mechanics and Engineering",
    issn = "0045-7825",
    journal = "Comput. Methods Appl. Mech. Engrg.",
    keywords = "Finite Element Method, Goal-Oriented, Adaptive FEM",
    mrclass = "78M10 (65N30 86A20)",
    mrnumber = "2339987 (2008m:78016)",
    mrreviewer = "Nilima Nigam",
    number = "37-40",
    pages = "3585--3597",
    title = "A self-adaptive goal-oriented {$hp$} finite element method with electromagnetic applications. {II}. {E}lectrodynamics",
    url = "http://dx.doi.org/10.1016/j.cma.2006.10.016",
    volume = "196",
    year = "2007"
}

@article{panetier2010strict,
    author = "Panetier, J. and Ladev{\`e}ze, P. and Chamoin, L.",
    coden = "IJNMBH",
    doi = "10.1002/nme.2705",
    fjournal = "International Journal for Numerical Methods in Engineering",
    issn = "0029-5981",
    journal = "Internat. J. Numer. Methods Engrg.",
    keywords = "Goal-Oriented",
    mrclass = "74R10 (65N30 74S05)",
    mrnumber = "2648213 (2010k:74123)",
    number = "6",
    pages = "671--700",
    title = "Strict and effective bounds in goal-oriented error estimation applied to fracture mechanics problems solved with {XFEM}",
    url = "http://dx.doi.org/10.1002/nme.2705",
    volume = "81",
    year = "2010"
}

@article{waeytens2012guaranteed,
    author = "Waeytens, Julien and Chamoin, Ludovic and Ladev{\`e}ze, Pierre",
    coden = "CMMEEE",
    doi = "10.1007/s00466-011-0642-1",
    fjournal = "Computational Mechanics",
    issn = "0178-7675",
    journal = "Comput. Mech.",
    keywords = "Goal-Oriented; Error estimations",
    mrclass = "74D05 (74P99 74S05)",
    mrnumber = "2891605",
    number = "3",
    pages = "291--307",
    title = "Guaranteed error bounds on pointwise quantities of interest for transient viscodynamics problems",
    url = "http://dx.doi.org/10.1007/s00466-011-0642-1",
    volume = "49",
    year = "2012"
}

@article{verdugo2012computable,
    author = "Verdugo, Francesc and D{\'{\i}}ez, Pedro",
    coden = "CMMECC",
    doi = "10.1016/j.cma.2012.06.016",
    fjournal = "Computer Methods in Applied Mechanics and Engineering",
    issn = "0045-7825",
    journal = "Comput. Methods Appl. Mech. Engrg.",
    mrclass = "74D05 (65N06 74S05)",
    mrnumber = "2981893",
    pages = "313--330",
    title = "Computable bounds of functional outputs in linear visco-elastodynamics",
    url = "http://dx.doi.org/10.1016/j.cma.2012.06.016",
    volume = "245/246",
    year = "2012"
}

@article{wick2012goal,
    author = "Wick, Thomas",
    title = "Goal-oriented mesh adaptivity for fluid-structure interaction with application to heart-valve settings",
    journal = "Archive of Mechanical Engineering",
    volume = "59",
    number = "1",
    pages = "73--99",
    year = "2012"
}

@article{van2011goal1,
    author = "{Van der Zee}, K. G. and Van Brummelen, E. H. and Akkerman, I. and de Borst, R.",
    coden = "CMMECC",
    doi = "10.1016/j.cma.2010.12.010",
    fjournal = "Computer Methods in Applied Mechanics and Engineering",
    issn = "0045-7825",
    journal = "Comput. Methods Appl. Mech. Engrg.",
    keywords = "Goal-Oriented; Fluid-structure; Error estimations; Adaptive FEM; Finite Element Method",
    mrclass = "74F10 (65N30 74S05 76M10)",
    mrnumber = "2811912 (2012m:74043)",
    number = "37-40",
    pages = "2738--2757",
    title = "Goal-oriented error estimation and adaptivity for fluid-structure interaction using exact linearized adjoints",
    url = "http://dx.doi.org/10.1016/j.cma.2010.12.010",
    volume = "200",
    year = "2011"
}

@article{van2011goal2,
    author = "Van Der Zee, Kristoffer G and Tinsley Oden, J and Prudhomme, Serge and Hawkins-Daarud, Andrea",
    title = "Goal-oriented error estimation for {C}ahn--{H}illiard models of binary phase transition",
    journal = "Numerical Methods for Partial Differential Equations",
    volume = "27",
    number = "1",
    pages = "160--196",
    year = "2011",
    publisher = "Wiley Online Library",
    url={https://doi.org/10.1002/num.20638},
}

@article{van2011isogeometric,
    author = "{Van der Zee}, K. G. and Verhoosel, C. V.",
    coden = "FEADEU",
    doi = "10.1016/j.finel.2010.12.013",
    fjournal = "Finite Elements in Analysis and Design",
    issn = "0168-874X",
    journal = "Finite Elem. Anal. Des.",
    keywords = "Goal-Oriented; Error estimations;Isogeometric",
    mrclass = "65N30 (65D17)",
    mrnumber = "2786928 (2012c:65211)",
    number = "6",
    pages = "600--609",
    title = "Isogeometric analysis-based goal-oriented error estimation for free-boundary problems",
    url = "http://dx.doi.org/10.1016/j.finel.2010.12.013",
    volume = "47",
    year = "2011"
}

@article{hintermuller2010goal,
    author = {Hinterm{\"u}ller, Michael and Hoppe, Ronald HW},
    doi = "10.1137/090761823",
    eprint = "http://dx.doi.org/10.1137/090761823",
    journal = "SIAM Journal on Control and Optimization",
    keywords = "Goal-Oriented; Finite Element Method; Adaptive FEM; Error estimations; Optimal control",
    number = "8",
    pages = "5468-5487",
    title = "Goal-Oriented Adaptivity in Pointwise State Constrained Optimal Control of Partial Differential Equations",
    url = "http://dx.doi.org/10.1137/090761823",
    volume = "48",
    year = "2010"
}

@incollection{gunther2012posteriori,
author="G{\"u}nther, Andreas
and Hinze, Michael
and Tber, Moulay Hicham",
title="A Posteriori Error Representations for Elliptic Optimal Control Problems with Control and State Constraints",
bookTitle="Constrained Optimization and Optimal Control for Partial Differential Equations",
year="2012",
publisher="Springer Basel",
address="Basel",
pages="303--317",
abstract="In this work we develop an adaptive algorithm for solving elliptic optimal control problems with simultaneously appearing state and control constraints. Building upon the concept proposed in [9] the algorithm applies a Moreau-Yosida regularization technique for handling state constraints. The state and co-state variables are discretized using continuous piecewise linear finite elements while a variational discretization concept is applied for the control. To perform the adaptive mesh refinement cycle we derive local error representations which extend the goal-oriented error approach to our setting. The performance of the overall adaptive solver is demonstrated by a numerical example.",
isbn="978-3-0348-0133-1",
doi="10.1007/978-3-0348-0133-1_17",
url="https://doi.org/10.1007/978-3-0348-0133-1_17"
}

@article{hintermuller2014dual,
    author = {Hinterm{\"u}ller, M. and Hoppe, R.H.W. and L{\"o}bhard, C.},
    doi = "10.1051/cocv/2013074",
    url = "https://doi.org/10.1051/cocv/2013074",
    issn = "1262-3377",
    issue = "02",
    journal = "ESAIM: Control, Optimisation and Calculus of Variations",
    keywords = "Goal-oriented; Optimal control",
    month = "4",
    numpages = "23",
    pages = "524--546",
    title = "Dual-weighted goal-oriented adaptive finite elements for optimal control of elliptic variational inequalities",
    volume = "20",
    year = "2014"
}

@article{rachowicz2006fully,
    author = "Rachowicz, W. and Pardo, D. and Demkowicz, L.",
    title = "Fully automatic {$hp$}-adaptivity in three dimensions",
    journal = "Comput. Methods Appl. Mech. Engrg.",
    year = "2006",
    volume = "195",
    number = "37-40",
    pages = "4816--4842",
    issn = "0045-7825",
    coden = "CMMECC",
    doi = "10.1016/j.cma.2005.08.022",
    file = ":RachowiczPardo2006.pdf:PDF",
    fjournal = "Computer Methods in Applied Mechanics and Engineering",
    keywords = "Finite Element Method, Adaptive FEM",
    mrclass = "65N50 (65N30)",
    mrnumber = "2240582 (2007a:65226)",
    url = "http://dx.doi.org/10.1016/j.cma.2005.08.022"
}

@article{darrigrand2015goal,
    author = "Darrigrand, Vincent and Pardo, David and Muga, Ignacio",
    doi = "http://dx.doi.org/10.1016/j.camwa.2015.03.006",
    issn = "0898-1221",
    journal = "Computers \& Mathematics with Applications",
    keywords = "Helmholtz equation, Goal-oriented",
    number = "9",
    pages = "964 - 979",
    title = "Goal-oriented adaptivity using unconventional error representations for the 1{D} {H}elmholtz equation",
    url = "http://www.sciencedirect.com/science/article/pii/S0898122115001017",
    volume = "69",
    year = "2015"
}

@article{valseth2020goal,
    author = "Valseth, Eirik and Romkes, Albert",
    title = "Goal-oriented error estimation for the automatic variationally stable {FE} method for convection-dominated diffusion problems",
    journal = "Computers \& Mathematics with Applications",
    volume = "80",
    number = "12",
    pages = "3027--3043",
    year = "2020",
    publisher = "Elsevier",
    doi = {https://doi.org/10.1016/j.camwa.2020.10.019},
    url = {https://www.sciencedirect.com/science/article/pii/S0898122120304211},
}

@article{darrigrand2018goal,
    author = "Darrigrand, Vincent and Rodr{\'\i}guez-Rozas, {\'A}ngel and Muga, Ignacio and Pardo, David and Romkes, Albert and Prudhomme, Serge",
    doi = "10.1002/nme.5601",
    issn = "1097-0207",
    journal = "International Journal for Numerical Methods in Engineering",
    keywords = "Goal-Oriented Adaptivity, Finite Element Methods, Error Representation, Helmholtz Equation; Goal-oriented",
    note = "nme.5601",
    number = "1",
    pages = "22--42",
    title = "Goal-oriented adaptivity using unconventional error representations for the multi-dimensional {H}elmholtz equation",
    url = "http://dx.doi.org/10.1002/nme.5601",
    volume = "113",
    year = "2018"
}

@article{holst2015convergence,
    author = "Holst, Michael and Pollock, Sara and Zhu, Yunrong",
    title = "Convergence of goal-oriented adaptive finite element methods for semilinear problems",
    journal = "Computing and Visualization in Science",
    volume = "17",
    number = "1",
    pages = "43--63",
    year = "2015",
    publisher = "Springer",
    doi="10.1007/s00791-015-0243-1",
    url="https://doi.org/10.1007/s00791-015-0243-1",
}

@article{holstpollock2016,
    author = "Holst, Michael and Pollock, Sara",
    doi = "10.1002/num.22002",
    issn = "1098-2426",
    journal = "Numerical Methods for Partial Differential Equations",
    keywords = "adaptive methods, a posteriori estimates, approximation theory, a priori estimates, contraction, convergence, duality, elliptic equations, nonsymmetric problems, optimality, quasi-orthogonality, residual-based error estimator; Goal-oriented",
    number = "2",
    pages = "479--509",
    title = "Convergence of goal-oriented adaptive finite element methods for nonsymmetric problems",
    url = "http://dx.doi.org/10.1002/num.22002",
    volume = "32",
    year = "2016"
}

@article{pardo2010multigoal,
    author = "Pardo, D.",
    doi = "http://dx.doi.org/10.1016/j.procs.2010.04.219",
    issn = "1877-0509",
    journal = "Procedia Computer Science",
    keywords = "Goal-oriented adaptivity; Goal-oriented",
    number = "1",
    pages = "1953 - 1961",
    title = "Multigoal-oriented adaptivity for $hp$-finite element methods",
    url = "http://www.sciencedirect.com/science/article/pii/S1877050910002206",
    volume = "1",
    year = "2010"
}

@article{zander2022anisotropic,
  title={Anisotropic multi-level $hp$-refinement for quadrilateral and triangular meshes},
  author={Zander, Nils and B{\'e}riot, Hadrien and Hoff, Claus and Kodl, Petr and Demkowicz, Leszek},
  journal={Finite Elements in Analysis and Design},
  volume={203},
  pages={103700},
  year={2022},
  doi = {https://doi.org/10.1016/j.finel.2021.103700},
  url = {https://www.sciencedirect.com/science/article/pii/S0168874X21001748},
  publisher={Elsevier}
}

@article{franz2008superconvergence,
  title={Superconvergence analysis of the {G}alerkin {FEM} for a singularly perturbed convection--diffusion problem with characteristic layers},
  author={Franz, Sebastian and Lin{\ss}, Torsten},
  journal={Numerical Methods for Partial Differential Equations: An International Journal},
  volume={24},
  number={1},
  pages={144--164},
  year={2008},
  publisher={Wiley Online Library},
  doi = {https://doi.org/10.1002/num.20245},
  url = {https://onlinelibrary.wiley.com/doi/abs/10.1002/num.20245},
}

@article{franz2010local,
  title={Local projection stabilisation on S-type meshes for convection--diffusion problems with characteristic layers},
  author={Franz, Sebastian and Matthies, Gunar},
  journal={Computing},
  volume={87},
  number={3},
  pages={135--167},
  year={2010},
  publisher={Springer},
  doi={10.1007/s00607-010-0079-y},
  url={https://doi.org/10.1007/s00607-010-0079-y},
}

@article{stynes2003sdfem,
  title={The {SDFEM} for a Convection-Diffusion Problem with a Boundary Layer: Optimal Error Analysis and Enhancement of Accuracy},
  author={Stynes, Martin and Tobiska, Lutz},
  journal={SIAM Journal on Numerical Analysis},
  volume={41},
  number={5},
  pages={1620--1642},
  year={2003},
  publisher={SIAM},
  doi = {10.1137/S0036142902404728},
  URL = {https://doi.org/10.1137/S0036142902404728},
}

@article{franz2014error,
  title={Error estimation in a balanced norm for a convection-diffusion problem with two different boundary layers},
  author={Franz, Sebastian and Roos, Hans-G{\"o}rg},
  journal={Calcolo},
  volume={51},
  number={3},
  pages={423--440},
  year={2014},
  publisher={Springer},
  doi={10.1007/s10092-013-0093-5},
  url={https://doi.org/10.1007/s10092-013-0093-5},
}

@article{verfurth2005robust,
  title={Robust a posteriori error estimates for stationary convection-diffusion equations},
  author={Verf{\"u}rth, R{\"u}diger},
  journal={SIAM Journal on Numerical Analysis},
  volume={43},
  number={4},
  pages={1766--1782},
  year={2005},
  publisher={SIAM},
  doi = {10.1137/040604261},
  URL = {https://doi.org/10.1137/040604261},
}

@article{mote1971global,
  title={Global-local finite element},
  author={Mote Jr, CD},
  journal={International Journal for Numerical Methods in Engineering},
  volume={3},
  number={4},
  pages={565--574},
  year={1971},
  publisher={Wiley Online Library},
  doi = {https://doi.org/10.1002/nme.1620030410},
  url = {https://onlinelibrary.wiley.com/doi/abs/10.1002/nme.1620030410},
}

@book{solin2003higher,
  title={Higher-order finite element methods},
  author={Solin, Pavel and Segeth, Karel and Dolezel, Ivo},
  year={2003},
  publisher={Chapman and Hall/CRC},
  url={https://doi.org/10.1201/9780203488041},
}

@article{alvarez2017dimensionally,
  title={Dimensionally adaptive $hp$-finite element simulation and inversion of 2{D} magnetotelluric measurements},
  author={Alvarez-Aramberri, Julen and Pardo, David},
  journal={Journal of Computational Science},
  volume={18},
  pages={95--105},
  year={2017},
  publisher={Elsevier},
  doi = {https://doi.org/10.1016/j.jocs.2016.07.014},
  url = {https://www.sciencedirect.com/science/article/pii/S1877750316301223},
}

@phdthesis{aramberri2015hp,
  title={$hp$-Adaptive simulation and inversion of magnetotelluric measurements},
  author={Alvarez-Aramberri, Julen},
  year={2015},
  school={Universidad del Pa{\'\i}s Vasco-Euskal Herriko Unibertsitatea. Pau (INRIA)}
}

@article{houston2002discontinuous,
  title     = {Discontinuous $hp$-finite element methods for advection-diffusion-reaction problems},
  author    = {Houston, Paul and Schwab, Christoph and S{\"u}li, Endre},
  journal   = {SIAM Journal on Numerical Analysis},
  volume    = {39},
  number    = {6},
  pages     = {2133--2163},
  year      = {2002},
  publisher = {SIAM},
  doi = {10.1137/S0036142900374111},
  URL = {https://doi.org/10.1137/S0036142900374111},
}

@article{antonietti2013hp,
  title     = {$hp$-version composite discontinuous Galerkin methods for elliptic problems on complicated domains},
  author    = {Antonietti, Paola F and Giani, Stefano and Houston, Paul},
  journal   = {SIAM Journal on Scientific Computing},
  volume    = {35},
  number    = {3},
  pages     = {A1417--A1439},
  year      = {2013},
  publisher = {SIAM},
  doi = {10.1137/120877246},
  URL = {https://doi.org/10.1137/120877246},
}

@article{belytschko1993h,
  title     = {H-adaptive finite element methods for dynamic problems, with emphasis on localization},
  author    = {Belytschko, Ted and Tabbara, M},
  journal   = {International Journal for Numerical Methods in Engineering},
  volume    = {36},
  number    = {24},
  pages     = {4245--4265},
  year      = {1993},
  publisher = {Wiley Online Library},
  URL = {https://doi.org/10.1002/nme.1620362409},
}

@article{ainsworth1997posteriori,
  title     = {A posteriori error estimation in finite element analysis},
  author    = {Ainsworth, Mark and Oden, J Tinsley},
  journal   = {Computer methods in applied mechanics and engineering},
  volume    = {142},
  number    = {1-2},
  pages     = {1--88},
  year      = {1997},
  publisher = {Elsevier},
  doi = {https://doi.org/10.1016/S0045-7825(96)01107-3},
  url = {https://www.sciencedirect.com/science/article/pii/S0045782596011073},
}

@article{kopp2021efficient,
  title={Efficient multi-level $hp$-finite elements in arbitrary dimensions},
  author={Kopp, Philipp and Rank, Ernst and Calo, Victor M and Kollmannsberger, Stefan},
  journal={arXiv preprint arXiv:2106.08214},
  year={2021},
  url={https://doi.org/10.48550/arXiv.2106.08214},
}

@misc{kopp2021spacetime,
  doi = {10.48550/arXiv.2112.00155},
  url = {https://doi.org/10.48550/arXiv.2112.00155},
  author = {Kopp, Philipp and Calo, Victor and Rank, Ernst and Kollmannsberger, Stefan},
  keywords = {Numerical Analysis (math.NA), FOS: Mathematics, FOS: Mathematics},
  title = {Space-time $hp$ finite elements for heat evolution in laser-based additive manufacturing},
  publisher = {arXiv},
  year = {2021},
  copyright = {Creative Commons Attribution 4.0 International}
}

@book{cottrell2009isogeometric,
  title={Isogeometric analysis: toward integration of CAD and FEA},
  author={Cottrell, J Austin and Hughes, Thomas JR and Bazilevs, Yuri},
  year={2009},
  publisher={John Wiley \& Sons}
}

@article{rachowicz2000hp,
  title={An hp-adaptive finite element method for electromagnetics: Part 1: Data structure and constrained approximation},
  author={Rachowicz, Waldemar and Demkowicz, Leszek},
  journal={Computer methods in applied mechanics and engineering},
  volume={187},
  number={1-2},
  pages={307--335},
  year={2000},
  publisher={Elsevier},
  doi = {https://doi.org/10.1016/S0045-7825(99)00137-1},
  url = {https://www.sciencedirect.com/science/article/pii/S0045782599001371},
}

